<?xml version="1.0" encoding="UTF-8"?><collection xmlns="http://www.loc.gov/MARC21/slim"><record><leader>00408nam--2200145-i-4500</leader><controlfield tag="001">000029938</controlfield><controlfield tag="002">20161230</controlfield><controlfield tag="005">20161230201038</controlfield><controlfield tag="008">060222s1000------------r-----000-0-eng-d</controlfield><datafield ind1=" " ind2=" " tag="080"><subfield code="a">621.382:621.313.13</subfield></datafield><datafield ind1=" " ind2=" " tag="100"><subfield code="a">Kusko, Alexander</subfield></datafield><datafield ind1=" " ind2=" " tag="245"><subfield code="a">Solid-state dc motor drives</subfield></datafield><datafield ind1=" " ind2=" " tag="260"><subfield code="a">Cambridge, Mass., The M.T.T. Press, 1969. Ix+126p</subfield></datafield><datafield ind1=" " ind2=" " tag="490"><subfield code="a">Monographs In Modern Electrical Technology</subfield></datafield><datafield ind1=" " ind2=" " tag="852"><subfield code="a">36295</subfield></datafield></record></collection>